@article{Dempster77,
  author  = {A.P. Dempster and N.M. Laird and D.B. Rubin},
  title   = {Maximum likelihood from incomplete data via the {EM} algorithm},
  journal = {Journal of the Royal Statistical Society, Series B (Methodological)},
  volume  = {39},
  number  = {1},
  year    = {1977},
  pages   = {1--38}
}

@article{Bayes1763,
  author  = {T. Bayes},
  title   = {An essay towards solving a problem in the doctrine of chances},
  journal = {Philosophical Transactions of the Royal Society},
  volume  = {53},
  year    = {1763},
  pages   = {370--418}
  }

@book{McLachlan-2008,
  author    = {G.J. McLachlan and T. Krishnan},
  title     = {The {EM} Algorithm and Extensions},
  edition   = {2nd},
  publisher = {John Wiley \& Sons},
  year      = {2008}
}

@article{Redner84,
  author  = {R.A. Redner and H. F. Walker},
  title   = {Mixture densities, maximum likelihood and the {EM} algorithm},
  journal = {{SIAM} Review},
  volume  = {26},
  number  = {2},
  year    = {1984},
  pages   = {195--239}
}

@book{Duda01,
  author    = {R.O. Duda and P.E. Hart and D.G. Stork},
  title     = {Pattern Classification},
  publisher = {John Wiley \& Sons},
  year      = {2001}
}

@article{Linde80,
  author   = {Y. Linde and A. Buzo and R.M. Gray},
  title    = {An algorithm for vector quantization},
  journal  = {{IEEE} Transactions on Communications},
  volume   = {28},
  number   = {1},
  year     = {1980},
  pages    = {84--95}
}

@techreport{Bilmes98,
  author      = {J.A. Bilmes},
  title       = {A gentle tutorial of the {EM} algorithm and its applications to parameter estimation for {G}aussian mixture and hidden {M}arkov models},
  number      = {TR-97-021},
  institution = {International Computer Science Institute},
  address     = {Berkeley, California},
  year        = {1998}
  }

@book{Lutkepohl96,
  author    = {H. L\"{u}tkepohl},
  title     = {Handbook of Matrices},
  publisher = {John Wiley \& Sons},
  year      = {1996}
  }

@article{Moon96,
  author  = {T.K. Moon},
  title   = {Expectation-maximization algorithm},
  journal = {IEEE Signal Processing Magazine},
  volume  = {13},
  number  = {6},
  year    = {1996},
  pages   = {47--60}
  }

@book{Mitchell97,
  author    = {T.M. Mitchell},
  title     = {Machine Learning},
  publisher = {McGraw-Hill},
  year      = {1997}
  }

@conference{Ge_2016,
  title     = {Exploiting Temporal Information for {DCNN}-based Fine-Grained Object Classification},
  author    = {ZongYuan Ge and Chris McCool and Conrad Sanderson and Peng Wang and Lingqiao Liu and Ian Reid and Peter Corke},
  booktitle = {International Conference on Digital Image Computing: Techniques and Applications},
  year      = {2016}
  }

@conference{Ge_ICIP_2015,
  title     = {Modelling Local Deep Convolutional Neural Network Features to Improve Fine-Grained Image Classification},
  author    = {Z. Ge and C. McCool and C. Sanderson and P. Corke},
  booktitle = {International Conference on Image Processing (ICIP)},
  year      = {2015}
  }

@conference{Carvajal_2016a,
  title     = {Comparative Evaluation of Action Recognition Methods via {R}iemannian Manifolds, {F}isher Vectors and {GMMs}: Ideal and Challenging Conditions},
  author    = {J. Carvajal and A. Wiliem and C. McCool and B.C. Lovell and C. Sanderson},
  booktitle = {Lecture Notes in Computer Science (LNCS), Vol. 9794},
  pages     = {88--100},
  year      = {2016}
}

@article{Wiliem_PR_2014,
  title   = {Automatic Classification of Human Epithelial Type 2 Cell Indirect Immunofluorescence Images using Cell Pyramid Matching},
  author  = {A. Wiliem and C. Sanderson and Y. Wong and P. Hobson and R. Minchin and B.C. Lovell},
  journal = {Pattern Recognition},
  volume  = {47},
  number  = {7},
  year    = {2014}
  }

@article{Wong_2014,
  title   = {On Robust Face Recognition via Sparse Coding: The Good, The Bad and The Ugly},
  author  = {Y. Wong and M. Harandi and C. Sanderson},
  journal = {IET Biometrics},
  volume  = {3},
  number  = {4},
  year    = {2014}
  }

@article{Reddy_2013,
  title   = {Improved Foreground Detection via Block-based Classifier Cascade with Probabilistic Decision Integration},
  author  = {V. Reddy and C. Sanderson and B.C. Lovell},
  journal = {IEEE Transactions on Circuits and Systems for Video Technology},
  volume  = {23},
  number  = {1},
  year    = {2013}
  }

@article{Armadillo_JOSS_2016,
  title   = {Armadillo: a template-based {C++} library for linear algebra},
  author  = {C. Sanderson and R. Curtin},
  journal = {Journal~of~Open~Source~Software},
  volume  = {1},
  year    = {2016}
  }

@conference{Armadillo_PASC_2017,
  title     = {Armadillo: C++ Template Metaprogramming for Compile-Time Optimization of Linear Algebra},
  author    = {C. Sanderson and R. Curtin},
  booktitle = {Platform for Advanced Scientific Computing (PASC) Conference},
  address   = {Switzerland},
  year      = {2017}
  }

@article{LeCun_Nature_2015,
  author  = {Y. LeCun and Y. Bengio and G. Hinton},
  title   = {Deep learning},
  journal = {Nature},
  volume  = {521},
  pages   = {436--444},
  year    = {2015}
 }

@conference{Arthur_2007,
  title     = {k-means++: the advantages of careful seeding},
  author    = {David Arthur and Sergei Vassilvitskii},
  booktitle = {ACM-SIAM Symposium on Discrete Algorithms},
  pages     = {1027--1035},
  year      = {2007}
  }

@conference{MapReduce_2004,
  title     = {{MapReduce}: Simplified Data Processing on Large Clusters},
  author    = {Jeffrey Dean and Sanjay Ghemawat},
  booktitle = {Symposium on Operating Systems Design and Implementation},
  pages     = {137--150},
  year      = {2004}
  }

@book{OpenMP_2007,
  author    = {B. Chapman and G. Jost and R. van der Pas},
  title     = {Using {OpenMP}: Portable Shared Memory Parallel Programming},
  publisher = {MIT Press},
  year      = {2007}
  }

@conference{Hamerly_2003,
  author    = {G. Hamerly and C. Elkan},
  title     = {Learning the {\it k} in {\it k}-means},
  booktitle = {Neural Information Processing Systems},
  year      = {2003}
  }

@conference{Pelleg_2000,
  author    = {D. Pelleg and A. Moore},
  title     = {X-means: Extending {K-means} with efficient estimation of the number of clusters},
  booktitle = {International Conference on Machine Learning},
  pages     = {727--734},
  year      = {2000}
  }

@conference{Kulis_2012,
  author    = {Brian Kulis and Michael I. Jordan},
  title     = {Revisiting k-means: New Algorithms via {B}ayesian Nonparametrics},
  booktitle = {International Conference on Machine Learning},
  pages     = {513--520},
  year      = {2012}
  }

@book{Bishop_2006,
  author    = {Christopher Bishop},
  title     = {Pattern Recognition and Machine Learning},
  publisher = {Springer},
  year      = {2006}
  }


@article{Goldberg_1991,
  title   = {What every computer scientist should know about floating-point arithmetic},
  author  = {David Goldberg},
  journal = {ACM Computing Surveys},
  volume  = {23},
  number  = {1},
  year    = {1991},
  pages   = {5--48}
  }

@article{Monniaux_2008,
  title   = {The pitfalls of verifying floating-point computations},
  author  = {David Monniaux},
  journal = {ACM Transactions on Programming Languages and Systems},
  volume  = {30},
  number  = {3},
  year    = {2008},
  }

@conference{Elkan_2003,
  author    = {Charles Elkan},
  title     = {Using the Triangle Inequality to Accelerate k-Means},
  booktitle = {International Conference on Machine Learning},
  year      = {2003},
  pages     = {147--153}
  }

@article{Reynolds_2000,
  author   = {D. Reynolds and T. Quatieri and R. Dunn},
  title    = {Speaker verification using adapted {G}aussian mixture models},
  journal  = {Digital Signal Processing},
  volume   = {10},
  number   = {1--3},
  year     = {2000},
  pages    = {19--41}
  }


@book{Laurent_2008,
  author    = {Andrew {St.~Laurent}},
  title     = {Understanding Open Source and Free Software Licensing},
  publisher = {O'Reilly Media},
  year      = {2008}
  }
